% This file was created with JabRef 2.10b2.
% Encoding: UTF-8

@inproceedings{nielsen1994usability,
  title={Usability inspection methods},
  author={Nielsen, Jakob},
  booktitle={Conference companion on Human factors in computing systems},
  pages={413--414},
  year={1994},
  organization={ACM}
}

@Book{barbosa2010,
  Title                    = {Interação Humano-Computador},
  Author                   = {Barbosa, S.D.J. and DA Silva, B. S.},
  Publisher                = {Elsevier},
  Year                     = {2010},

  Address                  = {São Paulo},
}


@article{tang2004,
 author = {Tang, Diane and others},
 title = {Design Choices when Architecting Visualizations},
 journal = {Information Visualization},
 issue_date = {June 2004},
 volume = {3},
 number = {2},
 month = jun,
 year = {2004},
 issn = {1473-8716},
 pages = {65--79},
 numpages = {15},
 url = {http://dx.doi.org/10.1057/palgrave.ivs.9500067},
 doi = {10.1057/palgrave.ivs.9500067},
 acmid = {1032059},
 publisher = {Palgrave Macmillan},
 keywords = {information visualization design, infrastructure},
} 

@article{viegas2007,
 author = {Viegas, Fernanda B. and others},
 title = {ManyEyes: A Site for Visualization at Internet Scale},
 journal = {IEEE Transactions on Visualization and Computer Graphics},
 issue_date = {November 2007},
 volume = {13},
 number = {6},
 month = nov,
 year = {2007},
 issn = {1077-2626},
 pages = {1121--1128},
 numpages = {8},
 url = {http://dx.doi.org/10.1109/TVCG.2007.70577},
 doi = {10.1109/TVCG.2007.70577},
 acmid = {1313138},
 publisher = {IEEE Educational Activities Department},
 address = {Piscataway, NJ, USA},
 keywords = {Communication-Minded Visualization., Social Data Analysis, Social Software, Visualization, Visualization, World Wide Web, Social Software, Social Data Analysis, Communication-Minded Visualization., World Wide Web},
} 


@inproceedings{ding2010data,
  title={Data-gov Wiki: Towards Linking Government Data.},
  author={Ding, Li and others},
  year={2010}
}

@misc{lima2012,
  title={Web Services (SOAP x REST)},
  author={Lima, J.C.R.},
  year = {2012},
  note = {Trabalho de Conclusão de Curso para a Faculdade de Tecnologia de São Paulo}
}

@mastersthesis{suda2003soap,
  title={SOAP Web Services},
  author={Suda, Brian},
  school={University of Edinburgh},
  year={2003}
}

@phdthesis{fielding2000architectural,
  title={Architectural styles and the design of network-based software architectures},
  author={Fielding, Roy Thomas},
  year={2000},
  school={University of California, Irvine}
}

@misc{schepke2010avaliaccao,
  title={Avalia{\c{c}}{\~a}o de Desempenho de SOAP sobre HTTP, SMTP e BEEP},
  author={Schepke, Cl{\'a}udio and others},
  year = {2010}
}

@inproceedings{mcbride2001jena,
  title={Jena: Implementing the rdf model and syntax specification},
  author={McBride, Brian},
  booktitle={Proceedings of the Second International Conference on Semantic Web-Volume 40},
  pages={23--28},
  year={2001},
  organization={CEUR-WS. org}
}

@article{de2010nosql,
  title={Nosql na web 2.0: Um estudo comparativo de bancos n{\~a}o-relacionais para armazenamento de dados na web 2.0},
  author={De Diana, Mauricio and Gerosa, Marco Aur{\'e}lio},
  year = {2010}
}

@article{moniruzzaman2013nosql,
  title={Nosql database: New era of databases for big data analytics-classification, characteristics and comparison},
  author={Moniruzzaman, ABM and Hossain, Syed Akhter},
  journal={arXiv preprint arXiv:1307.0191},
  year={2013}
}

@inproceedings{sagiroglu2013big,
  title={Big data: A review},
  author={Sagiroglu, Seref and Sinanc, Duygu},
  booktitle={Collaboration Technologies and Systems (CTS), 2013 International Conference on},
  pages={42--47},
  year={2013},
  organization={IEEE}
}

@article{jagadish2014,
 author = {Jagadish, H. V. and others},
 title = {Big Data and Its Technical Challenges},
 journal = {Commun. ACM},
 issue_date = {July 2014},
 volume = {57},
 number = {7},
 month = jul,
 year = {2014},
 issn = {0001-0782},
 pages = {86--94},
 numpages = {9},
 url = {http://doi.acm.org/10.1145/2611567},
 doi = {10.1145/2611567},
 acmid = {2611567},
 publisher = {ACM},
 address = {New York, NY, USA},
} 

@inproceedings{hoxha2011open,
  title={Open government data on the web: A semantic approach},
  author={Hoxha, Julia and Brahaj, Armand},
  booktitle={Emerging Intelligent Data and Web Technologies (EIDWT), 2011 International Conference on},
  pages={107--113},
  year={2011},
  organization={IEEE}
}

@inproceedings{graves2013,
 author = {Graves, Alvaro and Hendler, James},
 title = {Visualization Tools for Open Government Data},
 booktitle = {Proceedings of the 14th Annual International Conference on Digital Government Research},
 series = {dg.o '13},
 year = {2013},
 isbn = {978-1-4503-2057-3},
 location = {Quebec, Canada},
 pages = {136--145},
 numpages = {10},
 url = {http://doi.acm.org/10.1145/2479724.2479746},
 doi = {10.1145/2479724.2479746},
 acmid = {2479746},
 publisher = {ACM},
 address = {New York, NY, USA},
 keywords = {collaboration, data exploration, open data, open government data, sharing, smart government, tools, visualization},
} 

@article{vaz2010dados,
  title={Dados governamentais abertos e seus impactos sobre os conceitos e pr{\'a}ticas de transpar{\^e}ncia no Brasil},
  author={Vaz, Jos{\'e} Carlos and others},
  journal={Cadernos ppg-au/ufba},
  volume={9},
  number={1},
  year={2010}
}

